<?xml version="1.0" encoding="UTF-8"?><collection xmlns="http://www.loc.gov/MARC21/slim"><record><leader>00516nam--2200205-u-4500</leader><controlfield tag="001">000051199</controlfield><controlfield tag="002">20161230</controlfield><controlfield tag="005">20161230201049</controlfield><controlfield tag="008">080530s1000------------r-----000-0-eng-d</controlfield><datafield ind1=" " ind2=" " tag="020"><subfield code="a">0-89006-681-7</subfield></datafield><datafield ind1=" " ind2=" " tag="040"><subfield code="a">IFIN-HH</subfield></datafield><datafield ind1=" " ind2=" " tag="080"><subfield code="a">681.51</subfield></datafield><datafield ind1="1" ind2=" " tag="100"><subfield code="a">Culshaw, Brian</subfield></datafield><datafield ind1="1" ind2="0" tag="245"><subfield code="a">Smart Structures and Materials</subfield><subfield code="c">Brian Culshaw</subfield></datafield><datafield ind1=" " ind2=" " tag="260"><subfield code="a">Boston</subfield><subfield code="b">Artech House</subfield><subfield code="c">1996</subfield></datafield><datafield ind1=" " ind2=" " tag="300"><subfield code="a">207 p</subfield></datafield><datafield ind1=" " ind2="4" tag="650"><subfield code="a">Smart materials</subfield></datafield><datafield ind1="2" ind2=" " tag="650"><subfield code="a">Smart structures</subfield></datafield><datafield ind1=" " ind2=" " tag="852"><subfield code="a">82017</subfield><subfield code="c">001.2</subfield></datafield><datafield ind1=" " ind2=" " tag="CAT"><subfield code="a">Sys</subfield><subfield code="c">20110105</subfield><subfield code="h">090458</subfield></datafield></record></collection>